@article{RobinsonWhenvotersrespond2020,
 author = {Robinson, Thomas S},
 copyright = {All rights reserved},
 file = {Robinson - Knowledge or ignorance Assessing the causal eﬀect.pdf:/Users/tomrobinson/Zotero/storage/TNNEPZWY/Robinson - Knowledge or ignorance Assessing the causal eﬀect.pdf:application/pdf},
 journal = {Working Paper},
 month = {April},
 title = {When do voters respond to campaign finance disclosure? Evidence from multiple election types},
 year = {2021}
}

