@article{RobinsonWhenvotersrespond2021,
 author = {Robinson, Thomas S},
 copyright = {All rights reserved},
 file = {},
 journal = {Working Paper},
 month = {October},
 title = {When do voters respond to campaign finance disclosure? Evidence from multiple election types},
 year = {2021}
}

